@article
{
    DataMiningWithBigData,
    author  = {Xindong Wu, Xingquan Zhu, Gong-Qing Wu, Wei Ding},
    title   = {Data Mining with Big Data},
    comment = {http://lansainformatics.com/wp-content/plugins/project-mgt/file/upload/pdf/2440Data-mining-with-big-data-pdf.pdf}
}

@article
{
    MgmtRevolution,
    author  = {Andrew McAfee, Erik Brynjolfsson},
    title   = {Big Data: The Management Revolution},
    comment = {http://tarjomefa.com/wp-content/uploads/2017/04/6539-English-TarjomeFa-1.pdf}
}

@online
{
    Twitch,
    author  = {Twitch.TV},
    title   = {Twitch live streaming video platform},
    url     = {https://www.twitch.tv/directory}
}

@online
{
    YouTube,
    author  = {YouTube},
    title   = {YouTube video sharing},
    url     = {https://www.youtube.com}
}

@online
{
    YouTubeLive,
    author  = {YouTube Live},
    title   = {YouTube live streaming video platform},
    url     = {https://www.youtube.com/channel/UC4R8DWoMoI7CAwX8\_LjQHig?ab\_\\channel=Live}
}

@online
{
    DailyMotion,
    author  = {Dailymotion},
    title   = {Dailymotion video-sharing technology platform},
    url     = {https://www.dailymotion.com}
}

@article
{
    BigDataYahoo,
    author  = {Fatos Xhafa, Victor Naranjo, Santi Caballe},
    title   = {Data Mining with Big Data},
    comment = {https://upcommons.upc.edu/bitstream/handle/2117/86160/Xhafa_EtAl_AINA2015.pdf}
}

@article{
    VideoCloudPlatform,
    author    = {Zhang, Weishan and Xu, Liang and Duan, Pengcheng and Gong, Wenjuan and Lu, Qinghua and Yang, Su},
    title     = {A video cloud platform combing online and offline cloud computing technologies},
    year      = {2015},
    month     = {09},
    volume    = {19},
    booktitle = {Personal and Ubiquitous Computing}
}

@article{
    DeepIntelligenceFramework,
    title   = {A Deep-Intelligence Framework for Online Video Processing},
    author  = {Weishan Zhang and Liang Xu and Zhongwei Li and Qinghua Lu and Yan Liu},
    journal = {IEEE Software},
    year    = {2016},
    volume  = {33},
    pages   = {44-51}
}

@article{
    CAPTheorem,
    author  = {S. Gilbert and N. Lynch}, 
    journal = {Computer}, 
    title   = {Perspectives on the CAP Theorem}, 
    year    = {2012}, 
    volume  = {45}, 
    number  = {2}, 
    pages   = {30-36}, 
    month   = {Feb}
}

@article{
    UnifiedEngine,
    author  = {Matei Zaharia, Reynold S. Xin, Patrick Wendell, Tathagata Das, Michael Armbrust, Ankur Dave, Xiangrui Meng, Josh Rosen, Shivaram Venkataraman, Michael J. Franklin, Ali Ghodsi, Joseph Gonzalez, Scott Shenker, Ion Stoica}, 
    title   = {Apache Spark: A Unified Engine for Big Data Processing}, 
}

@online
{
    Hadoop,
    author  = {Apache Software Foundation},
    title   = {Apache Hadoop},
    url     = {http://hadoop.apache.org/}
}

@online
{
    Kafka,
    author  = {Apache Software Foundation},
    title   = {Apache Kafka},
    url     = {https://kafka.apache.org/}
}

@online
{
    Storm,
    author  = {Apache Software Foundation},
    title   = {Apache Storm},
    url     = {http://storm.apache.org/}
}

@online
{
    Neo4j,
    author  = {Neo4j Inc.},
    title   = {Graph Database Management System},
    url     = {https://github.com/neo4j/neo4j}
}

@online
{
    GoogleSpeech,
    author  = {Google LLC},
    title   = {Google Cloud Speech-to-Text},
    url     = {https://cloud.google.com/speech-to-text/}
}

@online
{
    GoogleSpeechQuotas,
    author  = {Google LLC},
    title   = {Google Speech - Quotas and Limits},
    url     = {https://cloud.google.com/speech-to-text/quotas}
}

@online
{
    YouTubeAPI,
    author  = {Google LLC},
    title   = {YouTube API Reference},
    url     = {https://developers.google.com/youtube/v3/docs/}
}

@online
{
    TwitchChatBot,
    author  = {Twitch.TV},
    title   = {Twitch Chatbot},
    url     = {https://github.com/TwitchDev/chat-samples/tree/master/python}
}

@online
{
    PyTube,
    author  = {GitHub User nficano},
    title   = {PyTube},
    url     = {https://github.com/nficano/pytube}
}

@online
{
    Ffmpeg,
    author  = {FFmpeg team},
    title   = {Software suite of libraries for handling video, audio, and other multimedia files and streams},
    url     = {https://www.ffmpeg.org/}
}

@online
{
    Streamlink,
    author  = {Streamlink},
    title   = {Streamlink utility used for piping video streams from various video services},
    url     = {https://github.com/streamlink/streamlink}
}

@online
{
    Streamparse,
    author  = {Streamparse},
    title   = {Streamparse utility used for running Python code againse real-time streams of data via Apache Storm},
    url     = {http://streamparse.readthedocs.io}
}

@online
{
    DockerHub,
    author  = {Docker},
    title   = {Docker Hub},
    url     = {https://hub.docker.com/}
}

@online
{
    VirtualBox,
    author  = {Oracle Corporation},
    title   = {VirtualBox},
    url     = {https://www.virtualbox.org/}
}

@online
{
    Azure,
    author  = {Microsoft Corporation},
    title   = {Microsoft Azure Cloud Computing Platform},
    url     = {https://azure.microsoft.com/}
}

@online
{
    YouTubeLastWeekTonightChannel,
    author  = {LastWeekTonight},
    title   = {YouTube Channel - Last Week Tonight},
    url     = {https://youtu.be/Kye2oX-b39E}
}

